<?xml version="1.0" encoding="UTF-8"?><collection xmlns="http://www.loc.gov/MARC21/slim"><record><leader>00376nam--2200133-i-4500</leader><controlfield tag="001">000039185</controlfield><controlfield tag="002">20161230</controlfield><controlfield tag="005">20161230201042</controlfield><controlfield tag="008">060222s1000------------r-----000-0-eng-d</controlfield><datafield ind1=" " ind2=" " tag="080"><subfield code="a">620.193(083.4)</subfield></datafield><datafield ind1=" " ind2=" " tag="100"><subfield code="a">Ritter,Franz</subfield></datafield><datafield ind1=" " ind2=" " tag="245"><subfield code="a">Korrosionstabellen metallischer. werkstoffegeordnet nach angreifenden stoffen</subfield></datafield><datafield ind1=" " ind2=" " tag="260"><subfield code="a">Wien, Springer-verlag, 1958. 290 P</subfield></datafield><datafield ind1=" " ind2=" " tag="852"><subfield code="a">77510</subfield></datafield></record></collection>